%% This BibTeX bibliography file was created using BibDesk.
%% http://bibdesk.sourceforge.net/


%% Created for Petro Verkhogliad at 2008-08-10 14:56:59 -0400 


%% Saved with string encoding Western (ASCII) 



@book{reiter-dale,
	Author = {Ehud Reiter, Robert Dale},
	Date-Added = {2008-08-10 14:55:32 -0400},
	Date-Modified = {2008-08-10 14:56:51 -0400},
	Publisher = {Cambridge University Press},
	Series = {Studies in Natural Language Processing},
	Title = {Building Natural Language Generation Systems},
	Year = {2000}}

@webpage{fuf-surge,
	Date-Added = {2008-08-10 14:34:32 -0400},
	Date-Modified = {2008-08-10 14:35:00 -0400},
	Keywords = {fuf, surge, honours},
	Lastchecked = {11-08-2008},
	Month = {08},
	Url = {http://www.cs.bgu.ac.il/surge/index.html},
	Year = {2008}}

@webpage{nltk-home,
	Date-Added = {2008-08-10 14:33:18 -0400},
	Date-Modified = {2008-08-10 14:34:10 -0400},
	Keywords = {nltk, honours},
	Lastchecked = {11-08-2008},
	Month = {08},
	Url = {http://nltk.org},
	Year = {2008}}

@techreport{surge,
	Author = {Michael Elhadad, Jacques Robin},
	Date-Added = {2008-08-10 14:30:44 -0400},
	Date-Modified = {2008-08-10 14:32:44 -0400},
	Institution = {Dept of Mathematics and Computer Science, Ben Gurion University},
	Month = {03},
	Title = {SURGE: a Comprehensive Plug-in Syntactic Realization Component for Text Generation},
	Year = {1996}}

@inproceedings{Elhadad92controllingcontent,
	Author = {Michael Elhadad and Jacques Robin},
	Booktitle = {Aspects of Automated Natural Language Generation},
	Date-Added = {2008-08-10 14:29:11 -0400},
	Date-Modified = {2008-08-10 14:29:11 -0400},
	Pages = {89--104},
	Publisher = {Springer Verlag},
	Title = {Controlling content realization with functional unification grammars},
	Year = {1992}}

@inproceedings{elhadad-types,
	Address = {Morristown, NJ, USA},
	Author = {Michael Elhadad},
	Booktitle = {Proceedings of the 28th annual meeting on Association for Computational Linguistics},
	Date-Added = {2008-08-10 14:27:11 -0400},
	Date-Modified = {2008-08-10 14:27:32 -0400},
	Doi = {http://dx.doi.org/10.3115/981823.981843},
	Keywords = {fuf, fug, honours},
	Location = {Pittsburgh, Pennsylvania},
	Pages = {157--164},
	Publisher = {Association for Computational Linguistics},
	Title = {Types in Functional Unification Grammars},
	Year = {1990}}

@book{lang-mach,
	Author = {Thomas A. Sudkamp},
	Date-Added = {2008-08-10 14:22:59 -0400},
	Date-Modified = {2008-08-10 14:23:55 -0400},
	Edition = {Third Edition},
	Publisher = {Addison-Wesley},
	Title = {Languages and Machines An Introduction to the Theory of Computer Science},
	Year = {2006}}

@book{johnson-avl,
	Author = {Mark Johnson},
	Date-Added = {2008-08-10 14:21:30 -0400},
	Date-Modified = {2008-08-10 14:22:16 -0400},
	Number = {16},
	Publisher = {CSLI},
	Series = {Lecture Notes},
	Title = {Attribute-Value Logic and the Theory of Grammar},
	Year = {1988}}

@book{sheiber-avms,
	Author = {Stuart M. Sheiber},
	Date-Added = {2008-08-10 14:19:22 -0400},
	Date-Modified = {2008-08-10 14:21:09 -0400},
	Number = {4},
	Publisher = {CSLI },
	Series = {Lecture Notes},
	Title = {An Introduction to Unification-Based Approaches to Grammar},
	Year = {1986}}

@article{knight-unification,
	Author = {Kevin Knight},
	Date-Added = {2008-08-10 14:18:35 -0400},
	Date-Modified = {2008-08-10 14:19:01 -0400},
	Journal = {ACM Computing Surveys},
	Keywords = {unification, honours},
	Pages = {93--124},
	Title = {Unification: A multidisciplinary survey},
	Url = {http://citeseerx.ist.psu.edu/viewdoc/summary?doi=10.1.1.64.8967},
	Volume = {21},
	Year = {1989}}

@techreport{fuf-man,
	Author = {Michael Elhadad},
	Date-Added = {2008-08-10 14:15:24 -0400},
	Date-Modified = {2008-08-10 14:16:43 -0400},
	Institution = {Dept of Mathematics and Computer Science, Ben Gurion University},
	Keywords = {fuf, hounours},
	Month = {03},
	Title = {FUF Manual},
	Url = {ftp://ftp.cs.bgu.ac.il/pub/people/elhadad/nlg/fufman.ps},
	Year = {1996}}

@article{building-nlg-reiter-dale,
	Address = {New York, NY, USA},
	Author = {Ehud Reiter and Robert Dale},
	Date-Added = {2008-08-10 14:14:52 -0400},
	Date-Modified = {2008-08-10 14:17:15 -0400},
	Doi = {http://dx.doi.org/10.1017/S1351324997001502},
	Issn = {1351-3249},
	Journal = {Nat. Lang. Eng.},
	Keywords = {nlg, honours},
	Number = {1},
	Pages = {57--87},
	Publisher = {Cambridge University Press},
	Title = {Building applied natural language generation systems},
	Volume = {3},
	Year = {1997}}

@inproceedings{fug-kay,
	Address = {Morristown, NJ, USA},
	Author = {Martin Kay},
	Booktitle = {ACL-22: Proceedings of the 10th International Conference on Computational Linguistics  and 22nd annual meeting on Association for Computational Linguistics},
	Date-Added = {2008-08-10 14:13:27 -0400},
	Date-Modified = {2008-08-10 14:16:52 -0400},
	Doi = {http://dx.doi.org/10.3115/980431.980509},
	Keywords = {fug, fuf, nlg, honours},
	Location = {Stanford, California},
	Pages = {75--78},
	Publisher = {Association for Computational Linguistics},
	Title = {Functional Unification Grammar: a formalism for machine translation},
	Year = {1984}}

@book{nlp-chap19,
	Author = {Keith Vander Linden, Daniel Jurafsky, James H. Martin},
	Date-Added = {2008-08-10 14:05:15 -0400},
	Date-Modified = {2008-08-10 14:45:18 -0400},
	Edition = {First},
	Keywords = {nlg, honours},
	Publisher = {Prentice Hall},
	Read = {Yes},
	Title = {SPEECH and LANGUAGE PROCESSING: An Introduction to Natural Language Processing, Computational Linguistics, and Speech Recognition},
	Url = {http://www.calvin.edu/~kvlinden/research.html},
	Year = {2000}}
