@InProceedings{LoperBird02,
  author = 	 {Edward Loper and Steven Bird},
  title = 	 {{NLTK}: The Natural Language Toolkit},
  booktitle = 	 {Proceedings of the ACL Workshop on Effective Tools and
    Methodologies for Teaching Natural Language Processing and Computational
    Linguistics},
  year =	 2002,
  publisher={Somerset, NJ: Association for Computational Linguistics},
  pages={62--69}
}

@InProceedings{Bird06nltk,
  author    = {Bird, Steven},
  title     = {{NLTK}: The {Natural} {Language} {Toolkit}},
  booktitle = {Proceedings of the COLING/ACL 2006 Interactive Presentation Sessions},
  month     = {July},
  year      = {2006},
  address   = {Sydney, Australia},
  publisher = {Association for Computational Linguistics},
  pages     = {69--72}
}

@article{Caspersen07,
 author = {Michael Caspersen and Kasper Larsen and Jens Bennedsen},
 title = {Mental models and programming aptitude},
 journal = {SIGCSE Bulletin},
 volume = {39},
 year = {2007},
 pages = {206--210},
 publisher = {ACM}
}                  

@Article{robinson:etal:2007,
  author = 	 {Stuart Robinson and Greg Aumann and Steven Bird},
  title = 	 {Managing fieldwork data with {Toolbox} and the {Natural Language Toolkit}},
  journal = 	 {Language Documentation and Conservation},
  year = 	 2007,
  volume =	 1,
  pages =	 {44--57}
}

@InProceedings{Shannon03,
  author = 	 {Christine Shannon},
  title = 	 {Another breadth-first approach to {CS I} using {Python}},
  booktitle = 	 {Proceedings of the 34th SIGCSE Technical Symposium on Computer Science Education},
  pages =	 {248--251},
  year =	 2003,
  publisher =	 {ACM}
}

