@Book{Blackburn:2005:RINL,
  author = 	 {Patrick Blackburn and Johan Bos},
  title = 	 {Representation and Inference for Natural Language: A First Course in Computational Semantics},
  publisher = 	 {CSLI Publications},
  year = 	 2005}


@InCollection{Montague:1974:PTQ,
  author = 	 {Richard Montague},
  title = 	 {The Proper Treatment of Quantification in Ordinary {E}nglish},
  booktitle = 	 {Formal Philosphy: Selected Papers of Richard Montague},
  pages = 	 {247--270},
  publisher = {Yale University Press},
  year = 	 1974,
  editor = 	 {R. H. Thomason},
  address = 	 {New Haven}}

 @Book{Dowty:1981:IMS,
  author = 	 {D. R. Dowty and R. E. Wall and S. Peters},
  title = 	 {Introduction to {M}ontague {S}emantics},
  publisher = 	 {Reidel},
  year = 	 1981,
  series = 	 {Studies in Linguistics and Philosophy},
  address = 	 {Dordrecht}}

@InProceedings{Bird:2005:NES,
  author = 	 {Steven Bird},
  title = 	 {{NLTK-Lite}: Efficient Scripting for Natural Language Processing},
  booktitle = {Proceedings of the 4th International Conference on Natural Language Processing (ICON)},
  pages = 	 {11--18},
  year = 	 2005,
  address = 	 {New Delhi},
  month = 	 {December},
  publisher = {Allied Publishers}}


@Book{vanRossum:2006:PT,
  author = 	 {Guido van Rossum},
  title = 	 {Python Tutorial},
  year = 	 2006,
  month = 	 {March},
  note = 	 {Release 2.4.3},
  url = 	 {http://docs.python.org/tut/tut.html}
}


@Book{Russell:2003:AIMA,
  author = 	 {Stuart Russell and Peter Norvig},
  title = 	 {Artifical Intelligence: A Modern Approach},
  publisher = 	 {Prentice Hall},
  year = 	 2003,
  note = 	 {2nd edition}}

